@incollection{gong2012klein,
  title={KLEIN: a new family of lightweight block ciphers},
  author={Gong, Zheng and Nikova, Svetla and Law, Yee Wei},
  booktitle={RFID. Security and Privacy},
  pages={1--18},
  year={2012},
  publisher={Springer}
}

@incollection{eisenbarth2012compact,
  title={Compact implementation and performance evaluation of block ciphers in ATtiny devices},
  author={Eisenbarth, Thomas and Gong, Zheng and G{\"u}neysu, Tim and Heyse, Stefan and Indesteege, Sebastiaan and Kerckhof, St{\'e}phanie and Koeune, Fran{\c{c}}ois and Nad, Tomislav and Plos, Thomas and Regazzoni, Francesco and others},
  booktitle={Progress in Cryptology-AFRICACRYPT 2012},
  pages={172--187},
  year={2012},
  publisher={Springer}
}
